<?xml version="1.0" encoding="UTF-8"?><collection xmlns="http://www.loc.gov/MARC21/slim"><record><leader>00502nam--2200193-u-4500</leader><controlfield tag="001">000054638</controlfield><controlfield tag="002">20161230</controlfield><controlfield tag="005">20161230201051</controlfield><controlfield tag="008">120417s1000------------r-----000-0-rus-d</controlfield><datafield ind1=" " ind2=" " tag="040"><subfield code="a">IFIN-HH</subfield></datafield><datafield ind1=" " ind2=" " tag="041"><subfield code="a">rus</subfield></datafield><datafield ind1=" " ind2=" " tag="080"><subfield code="a">539.141</subfield></datafield><datafield ind1="1" ind2=" " tag="100"><subfield code="a">Bonce-bruevicea, V.L</subfield></datafield><datafield ind1="1" ind2="0" tag="245"><subfield code="a">Voprosi kbantovoi teorii mnogih tel</subfield><subfield code="c">V.l. bonce-bruevicea</subfield></datafield><datafield ind1=" " ind2=" " tag="260"><subfield code="a">Moskva</subfield><subfield code="b">Inostrannoi Literaturi</subfield><subfield code="c">1959</subfield></datafield><datafield ind1=" " ind2=" " tag="300"><subfield code="a">266P</subfield></datafield><datafield ind1=" " ind2=" " tag="490"><subfield code="a">Problemi Fiziki</subfield></datafield><datafield ind1=" " ind2=" " tag="852"><subfield code="a">6868</subfield><subfield code="c">539.141</subfield></datafield><datafield ind1=" " ind2=" " tag="CAT"><subfield code="a">Sys</subfield><subfield code="c">20120417</subfield><subfield code="h">113025</subfield></datafield></record></collection>